@book{bmsc:Karatzas-Shreve,
  title     = {Brownian motion and Stochastic Calculus},
  author    = {Ioannis Karatzas, Steven E. Shreve},
  publisher = {Springer},
  isbn      = {9780387976556},
  year      = {1991},
  series    = {Graduate Texts in Mathematics},
  edition   = {2nd},
  url       = {https://link.springer.com/book/10.1007/978-1-4612-0949-2}
}